@article{johnson1984extensions,
  title={Extensions of Lipschitz mappings into a Hilbert space},
  author={Johnson, William B and Lindenstrauss, Joram},
  journal={Contemporary mathematics},
  volume={26},
  number={189-206},
  pages={1},
  year={1984}
}

@article{dasgupta2003elementary,
  title={An elementary proof of a theorem of Johnson and Lindenstrauss},
  author={Dasgupta, Sanjoy and Gupta, Anupam},
  journal={Random Structures \& Algorithms},
  volume={22},
  number={1},
  pages={60--65},
  year={2003},
  publisher={Wiley Online Library}
}

@article{achlioptas2003database,
  title={Database-friendly random projections: Johnson-Lindenstrauss with binary coins},
  author={Achlioptas, Dimitris},
  journal={Journal of computer and System Sciences},
  volume={66},
  number={4},
  pages={671--687},
  year={2003},
  publisher={Elsevier}
}

@inproceedings{fradkin2003experiments,
  title={Experiments with random projections for machine learning},
  author={Fradkin, Dmitriy and Madigan, David},
  booktitle={Proceedings of the ninth ACM SIGKDD international conference on Knowledge discovery and data mining},
  pages={517--522},
  year={2003},
  organization={ACM}
}

@inproceedings{andoni2006near,
  title={Near-optimal hashing algorithms for approximate nearest neighbor in high dimensions},
  author={Andoni, Alexandr and Indyk, Piotr},
  booktitle={Foundations of Computer Science, 2006. FOCS'06. 47th Annual IEEE Symposium on},
  pages={459--468},
  year={2006},
  organization={IEEE}
}

@inproceedings{clarkson2009numerical,
  title={Numerical linear algebra in the streaming model},
  author={Clarkson, Kenneth L and Woodruff, David P},
  booktitle={Proceedings of the forty-first annual ACM symposium on Theory of computing},
  pages={205--214},
  year={2009},
  organization={ACM}
}

@article{alon1999space,
  title={The space complexity of approximating the frequency moments},
  author={Alon, Noga and Matias, Yossi and Szegedy, Mario},
  journal={Journal of Computer and system sciences},
  volume={58},
  number={1},
  pages={137--147},
  year={1999},
  publisher={Elsevier}
}

@article{ailon2009fast,
  title={The fast Johnson--Lindenstrauss transform and approximate nearest neighbors},
  author={Ailon, Nir and Chazelle, Bernard},
  journal={SIAM Journal on computing},
  volume={39},
  number={1},
  pages={302--322},
  year={2009},
  publisher={SIAM}
}

@inproceedings{nelson2013osnap,
  title={OSNAP: Faster numerical linear algebra algorithms via sparser subspace embeddings},
  author={Nelson, Jelani and Nguy{\^e}n, Huy L},
  booktitle={Foundations of Computer Science (FOCS), 2013 IEEE 54th Annual Symposium on},
  pages={117--126},
  year={2013},
  organization={IEEE}
}

@inproceedings{li2006improving,
  title={Improving random projections using marginal information},
  author={Li, Ping and Hastie, Trevor J and Church, Kenneth W},
  booktitle={International Conference on Computational Learning Theory},
  pages={635--649},
  year={2006},
  organization={Springer}
}

@inproceedings{cohen2015dimensionality,
  title={Dimensionality reduction for k-means clustering and low rank approximation},
  author={Cohen, Michael B and Elder, Sam and Musco, Cameron and Musco, Christopher and Persu, Madalina},
  booktitle={Proceedings of the forty-seventh annual ACM symposium on Theory of computing},
  pages={163--172},
  year={2015},
  organization={ACM}
}

@article{cunningham2015linear,
  title={Linear dimensionality reduction: Survey, insights, and generalizations},
  author={Cunningham, John P and Ghahramani, Zoubin},
  journal={The Journal of Machine Learning Research},
  volume={16},
  number={1},
  pages={2859--2900},
  year={2015},
  publisher={JMLR. org}
}

@inproceedings{sen2013informed,
  title={Informed Weighted Random Projection for Dimension Reduction},
  author={Sen, Jaydeep and Karnick, Harish},
  booktitle={International Conference on Advanced Data Mining and Applications},
  pages={433--442},
  year={2013},
  organization={Springer}
}

@inproceedings{rahimi2008random,
  title={Random features for large-scale kernel machines},
  author={Rahimi, Ali and Recht, Benjamin},
  booktitle={Advances in neural information processing systems},
  pages={1177--1184},
  year={2008}
}

@article{maillard2012linear,
  title={Linear regression with random projections},
  author={Maillard, Odalric-Ambrym and Munos, R{\'e}mi},
  journal={Journal of Machine Learning Research},
  volume={13},
  number={Sep},
  pages={2735--2772},
  year={2012}
}


